@book{hott-as:book,
  author={The {Univalent Foundations Program}},
  title={Homotopy Type Theory: Univalent Foundations for Mathematics},
  url={http://homotopytypetheory.org/book},
  address={Institute for Advanced Study},
  year={2013}
}
